
@article{raspbian_downloads,
	language = "english",
	title = "{Raspbian [Электронный ресурс]}",
	url = "https://www.raspberrypi.org/downloads/raspbian/ (дата обращения: 25.09.2015)"
}

@article{raspbian_install,
	language = "english",
	title = "{Installing Operating System Images on Linux [Электронный ресурс]}",
	url = "https://www.raspberrypi.org/documentation/installation/installing-images/README.md (дата обращения: 25.09.2015)"
}

@article{os_tusur,
	language = "russian",
	title = "{Образовательный стандарт ВУЗа ОС ТУСУР 01-2013 [Электронный ресурс]}",
	url = "http://asu.tusur.ru/learning/books/b12.pdf (дата обращения: 27.09.2015)"
}

@article{rpi-tp,
	language = "english",
	title = "{Drivers for TL-WN725N V2 --- 3.6.11+ -> 4.1.xx+ [Электронный ресурс]}",
	url = "https://www.raspberrypi.org/forums/viewtopic.php?p=462982 (дата обращения: 10.10.2015)"
}

@article{article,
	language = "english",
	title = "{Real Time Wireless Packet Monitoring with Raspberry Pi Sniffer [Электронный ресурс]}",
	url = "http://san.ee.ic.ac.uk/iscis2014/proceedings/27\_turk.pdf (дата обращения: 19.09.2015)"
}

@article{daemon,
	language = "english",
	title = "{Wifi ad-hoc setup raspbian [Электронный ресурс]}",
	url = "https://www.raspberrypi.org/forums/ viewtopic.php?t=24615&p=263373 (дата обращения: 09.11.2015)"
}


